@misc{NNG,
  title = {Top 10 Design Mistakes},
  howpublished = {\url{https://www.nngroup.com/articles/top-10-application-design-mistakes/}},
  note = {Accessed: 2020-03-15}
}

@misc{TF,
  title = {End-to-end open source platform for machine learning},
  howpublished = {\url{https://www.tensorflow.org/}},
  note = {Accessed: 2020-03-15}
}


@misc{MSU,
  title = {Using Growing Degree Days
to Predict Plant Stages},
  howpublished = {\url{https://store.msuextension.org/publications/AgandNaturalResources/MT200103AG.pdf}},
  note = {Accessed: 2020-03-19}
}

@misc{MDPI,
  title = {Real-Time Three-Dimensional Imaging of Soil Resistivity for Assessment of Moisture Distribution for Intelligent Irrigation},
  howpublished = {\url{https://res.mdpi.com/d_attachment/hydrology/hydrology-04-00054/article_deploy/hydrology-04-00054.pdf}},
  note = {Accessed: 2020-03-19}
}

@misc{GMS,
  title = {Grove - Moisture Sensor Specification},
  howpublished = {\url{https://www.seeedstudio.com/Grove-Moisture-Sensor.html}},
  note = {Accessed: 2020-03-19}
}

@misc{Pillow,
  title = {Python imaging library},
  howpublished = {\url{https://pypi.org/project/Pillow/}},
  note = {Accessed: 2020-03-19}
}

@article{opencv_library,
    author = {Bradski, G.},
    citeulike-article-id = {2236121},
    journal = {Dr. Dobb's Journal of Software Tools},
    keywords = {bibtex-import},
    posted-at = {2008-01-15 19:21:54},
    priority = {4},
    title = {{The OpenCV Library}},
    year = {2000}
}