

@misc{calc,
  title = {},
  author = {Calculations},
  howpublished = {\url{https://roxerg.github.io/CALCULATIONS.pdf}},
}

@misc{friction1,
  title = {Coefficient of Friction Table},
  author = {EasyCalculation},
  howpublished = {\url{https://www.easycalculation.com/physics/classical-physics/friction-table.php}},
  note = {Accessed: 2020-02-20}
}

@misc{friction2,
  title = {E. Jordan Brookes - {Tecaran ABS} },
  author = {E. Jordan Brookes},
  howpublished = {\url{https://ejbplastics.com/product/89/TECARAN_ABS}},
  note = {Accessed: 2020-02-20}
}

@misc{friction3,
  title = {Plastic Property Comparison Chart},
  author = {PrecisionPunch},
  howpublished = {\url{https://precisionpunch.com/wp-content/pdf/PropertyComparisonChart.pdf}},
  note = {Accessed: 2020-02-21}
}


@misc{motors1,
  title = {EV3 Large Servo Motor Product Description},
  author = {Lego.com},
  howpublished = {\url{https://www.lego.com/en-us/product/ev3-large-servo-motor-45502}},
  note = {Accessed: 2020-02-21}
}

@misc{motors2,
  title = {EV3 Medium Servo Motor Product Description},
  howpublished = {\url{https://www.lego.com/en-us/product/ev3-medium-servo-motor-45503}},
  author = {Lego.com},
  note = {Accessed: 2020-02-19}
}

@misc{gears,
  title = {Lego Gear Measurements},
  howpublished = {\url{https://www.brickowl.com/catalog/lego-double-bevel-gear-with-12-teeth-32270}},
  author = {BrickOwl},
  note = {Accessed: 2020-02-19}
}

@misc{legoweight,
  title = {Lego Brick Measurements},
  howpublished = {\url{https://www.bricklink.com/v2/catalog/catalogitem.page?P=3010#T=C}},
  author = {BrickLink},
  note = {Accessed: 2020-02-19}
}






