@inproceedings{langley00,
 author    = {P. Langley},
 title     = {Crafting Papers on Machine Learning},
 year      = {2000},
 pages     = {1207--1216},
 editor    = {Pat Langley},
 booktitle     = {Proceedings of the 17th International Conference
              on Machine Learning (ICML 2000)},
 address   = {Stanford, CA},
 publisher = {Morgan Kaufmann}
}

@TechReport{mitchell80,
  author = 	 "T. M. Mitchell",
  title = 	 "The Need for Biases in Learning Generalizations",
  institution =  "Computer Science Department, Rutgers University",
  year = 	 "1980",
  address =	 "New Brunswick, MA",
}

@phdthesis{kearns89,
  author = {M. J. Kearns},
  title =  {Computational Complexity of Machine Learning},
  school = {Department of Computer Science, Harvard University},
  year =   {1989}
}

@Book{MachineLearningI,
  editor = 	 "R. S. Michalski and J. G. Carbonell and T.
		  M. Mitchell",
  title = 	 "Machine Learning: An Artificial Intelligence
		  Approach, Vol. I",
  publisher = 	 "Tioga",
  year = 	 "1983",
  address =	 "Palo Alto, CA"
}

@Book{DudaHart2nd,
  author =       "R. O. Duda and P. E. Hart and D. G. Stork",
  title =        "Pattern Classification",
  publisher =    "John Wiley and Sons",
  edition =      "2nd",
  year =         "2000"
}

@misc{anonymous,
  title= {Suppressed for Anonymity},
  author= {Author, N. N.},
  year= {2011},
}




@Article{Samuel59,
  author = 	 "A. L. Samuel",
  title = 	 "Some Studies in Machine Learning Using the Game of
		  Checkers",
  journal =	 "IBM Journal of Research and Development",
  year =	 "1959",
  volume =	 "3",
  number =	 "3",
  pages =	 "211--229"
}

@article{loshchilov2018fixing,
  title = {Fixing weight decay regularization in {Adam}},
  author = {Loshchilov, Ilya and Hutter, Frank},
  journal={arXiv preprint arXiv:1711.05101},
  year={2017},
  url = {https://arxiv.org/abs/1711.05101}
}

@misc{craig_torpy_brennan_burchett_2010, title={The positive effects of office plants}, url={https://www.greenlifeindustry.com.au/Attachment?Action=Download&Attachment_id=1430}, journal={The positive effects of office plants}, publisher={Technical Nursery Papers}, author={Craig, A. and Torpy, F. and Brennan, J. and Burchett, MD}, year={2010}, month={Jul}}

@misc{malik_2014, title={The Guardian}, url={https://www.theguardian.com/money/2014/aug/31/plants-offices-workers-productive-minimalist-employees}, journal={The Guardian}, author={Malik, Shiv}, year={2014}, month={Sep}}

@misc{university_of_michigan_news_2008, title={Going outside even in the cold-improves memory, attention}, url={https://news.umich.edu/going-outsideeven-in-the-coldimproves-memory-attention/}, journal={University of Michigan News}, year={2008}, month={Dec}, author={UoM}}

@misc{browning_2015, title={HUMAN SPACES: The Global Impact of Biophilic Design in the Workplace}, url={https://greenplantsforgreenbuildings.org/wp-content/uploads/2015/08/Human-Spaces-Report-Biophilic-Global_Impact_Biophilic_Design.pdf}, journal={greenplantsforgreenbuildings.org}, author={Browning, Bill}, year={2015}}

@misc{ambius_uk, title={Office Plants Hire & Office Plants Maintenance Service: Ambius UK}, url={https://www.ambius.co.uk/office-plants/}, journal={Hire & Office Plants Maintenance Service | Ambius UK}, author={Ambius}, year={2020}}

@misc{farmbot_2020, title={Farm Bot}, url={www.farm.bot}, author={Farmbot}, year={2020}}

@book{belbin2012team,
  title={Team roles at work},
  author={Belbin, R Meredith},
  year={2012},
  publisher={Routledge}
}